@thesis{thesisLeon,
	title={Real-Time Monocular 3D Object Detection to Support Autonomous Driving},
	author={Blumenthal, Leon},
	publisher={Bachelors Thesis. Technische Universität München}, 
	year={2022}
}

@thesis{thesisJoseph,
	title={Monocular 3D Object Detection Using HD Maps},
	author={Birkner, Joseph},
	publisher={Master Thesis. Technische Universität München}, 
	year={2023}
}

@inproceedings{vanholder2016efficient,
	title={Efficient inference with tensorrt},
	author={Vanholder, Han},
	booktitle={GPU Technology Conference},
	volume={1},
	number={2},
	year={2016}
}

@inproceedings{yolov7,
	title={YOLOv7: Trainable bag-of-freebies sets new state-of-the-art for real-time object detectors},
	author={Wang, Chien-Yao and Bochkovskiy, Alexey and Liao, Hong-Yuan Mark},
	booktitle={Proceedings of the IEEE/CVF Conference on Computer Vision and Pattern Recognition},
	pages={7464--7475},
	year={2023}
}

@inproceedings{lin2014microsoft,
	title={Microsoft coco: Common objects in context},
	author={Lin, Tsung-Yi and Maire, Michael and Belongie, Serge and Hays, James and Perona, Pietro and Ramanan, Deva and Doll{\'a}r, Piotr and Zitnick, C Lawrence},
	booktitle={Computer Vision--ECCV 2014: 13th European Conference, Zurich, Switzerland, September 6-12, 2014, Proceedings, Part V 13},
	pages={740--755},
	year={2014},
	organization={Springer}
}

@article{zimmer2023a9,
	title={A9 Intersection Dataset: All You Need for Urban 3D Camera-LiDAR Roadside Perception},
	author={Zimmer, Walter and Cre{\ss}, Christian and Nguyen, Huu Tung and Knoll, Alois C},
	journal={arXiv preprint arXiv:2306.09266},
	year={2023}
}

@INPROCEEDINGS{a9dataset,
	author={Creß, Christian and Zimmer, Walter and Strand, Leah and Fortkord, Maximilian and Dai, Siyi and Lakshminarasimhan, Venkatnarayanan and Knoll, Alois},
	booktitle={2022 IEEE Intelligent Vehicles Symposium (IV)}, 
	title={A9-Dataset: Multi-Sensor Infrastructure-Based Dataset for Mobility Research}, 
	year={2022},
	volume={},
	number={},
	pages={965-970},
	doi={10.1109/IV51971.2022.9827401}}

@online{openlabel,
	author = {Hagedorn, Nicco},
	title = {{ASAM} OpenLABEL Concept Paper},
	year = 2020,
	url={https://www.asam.net/index.php?eID=dumpFile&t=f&f=3876&token=413e8c85031ae64cc35cf42d0768627514868b2f#_introduction},
	urldate = {2024-01-17}
}

@inproceedings{yolo,
	title={You only look once: Unified, real-time object detection},
	author={Redmon, Joseph and Divvala, Santosh and Girshick, Ross and Farhadi, Ali},
	booktitle={Proceedings of the IEEE conference on computer vision and pattern recognition},
	pages={779--788},
	year={2016}
}

@online{yolov8,
	author = {Hagedorn, Nicco},
	title = {{Ultralytics} Ultralytics YOLOv8 Docs},
	year = 2023,
	url = {https://docs.ultralytics.com},
	urldate = {2024-01-18}
}

@article{cvat,
	title={Computer vision annotation tool: a universal approach to data annotation},
	author={Sekachev, Boris and Manovich, N and Zhavoronkov, A},
	journal={Intel [Internet]},
	volume={1},
	year={2019}
}

%@online{scipyLSA,
%	author  = {Virtanen, Pauli and Gommers, Ralf and Oliphant, Travis E. and Haberland, Matt and Reddy, Tyler and Cournapeau, David and Burovski, Evgeni and Peterson, Pearu and Weckesser, Warren and Bright, Jonathan and {van der Walt}, St{\'e}fan J. and Brett, Matthew and Wilson, Joshua and Millman, K. Jarrod and Mayorov, Nikolay and Nelson, Andrew R. J. and Jones, Eric and Kern, Robert and Larson, Eric and Carey, C J and Polat, {\.I}lhan and Feng, Yu and Moore, Eric W. and {VanderPlas}, Jake and Laxalde, Denis and Perktold, Josef and Cimrman, Robert and Henriksen, Ian and Quintero, E. A. and Harris, Charles R. and Archibald, Anne M. and Ribeiro, Ant{\^o}nio H. and Pedregosa, Fabian and {van Mulbregt}, Paul and {SciPy 1.0 Contributors}},
%	title = {{SciPy} API Reference. scipy.optimize.linear_sum_assignment},
%	year = 2020,
%	url={https://docs.scipy.org/doc/scipy/reference/generated/scipy.optimize.linear_sum_assignment.html#rc35ed51944ec-1},
%	urldate = {2024-01-20}
%}
