@thesis{thesisLeon,
	title={Real-Time Monocular 3D Object Detection to Support Autonomous Driving},
	author={Blumenthal, Leon},
	publisher={Bachelors Thesis. Technische Universität München}, 
	year={2022}
}

@thesis{thesisJoseph,
	title={Monocular 3D Object Detection Using HD Maps},
	author={Birkner, Joseph},
	publisher={Master Thesis. Technische Universität München}, 
	year={2023}
}

@inproceedings{vanholder2016efficient,
	title={Efficient inference with tensorrt},
	author={Vanholder, Han},
	booktitle={GPU Technology Conference},
	volume={1},
	number={2},
	year={2016}
}

@inproceedings{yolov7,
	title={YOLOv7: Trainable bag-of-freebies sets new state-of-the-art for real-time object detectors},
	author={Wang, Chien-Yao and Bochkovskiy, Alexey and Liao, Hong-Yuan Mark},
	booktitle={Proceedings of the IEEE/CVF Conference on Computer Vision and Pattern Recognition},
	pages={7464--7475},
	year={2023}
}

@inproceedings{lin2014microsoft,
	title={Microsoft coco: Common objects in context},
	author={Lin, Tsung-Yi and Maire, Michael and Belongie, Serge and Hays, James and Perona, Pietro and Ramanan, Deva and Doll{\'a}r, Piotr and Zitnick, C Lawrence},
	booktitle={Computer Vision--ECCV 2014: 13th European Conference, Zurich, Switzerland, September 6-12, 2014, Proceedings, Part V 13},
	pages={740--755},
	year={2014},
	organization={Springer}
}

@article{zimmer2023a9,
	title={A9 Intersection Dataset: All You Need for Urban 3D Camera-LiDAR Roadside Perception},
	author={Zimmer, Walter and Cre{\ss}, Christian and Nguyen, Huu Tung and Knoll, Alois C},
	journal={arXiv preprint arXiv:2306.09266},
	year={2023}
}

@inproceedings{a9dataset,
	author={Creß, Christian and Zimmer, Walter and Strand, Leah and Fortkord, Maximilian and Dai, Siyi and Lakshminarasimhan, Venkatnarayanan and Knoll, Alois},
	booktitle={2022 IEEE Intelligent Vehicles Symposium (IV)}, 
	title={A9-Dataset: Multi-Sensor Infrastructure-Based Dataset for Mobility Research}, 
	year={2022},
	volume={},
	number={},
	pages={965-970},
	doi={10.1109/IV51971.2022.9827401}
}

@online{openlabel,
	author = {Hagedorn, Nicco},
	title = {{ASAM} OpenLABEL Concept Paper},
	year = 2020,
	url={https://www.asam.net/index.php?eID=dumpFile&t=f&f=3876&token=413e8c85031ae64cc35cf42d0768627514868b2f#_introduction},
	urldate = {2024-01-17}
}

@inproceedings{yolo,
	title={You only look once: Unified, real-time object detection},
	author={Redmon, Joseph and Divvala, Santosh and Girshick, Ross and Farhadi, Ali},
	booktitle={Proceedings of the IEEE conference on computer vision and pattern recognition},
	pages={779--788},
	year={2016}
}

@online{yolov8,
	author = {Hagedorn, Nicco},
	title = {{Ultralytics} Ultralytics YOLOv8 Docs},
	year = 2023,
	url = {https://docs.ultralytics.com},
	urldate = {2024-01-18}
}

@online{cocoformat,
	author = {Hagedorn, Nicco},
	title = {{COCO} Data Format},
	year = 2014,
	url = {https://cocodataset.org/#format-data},
	urldate = {2024-01-21}
}

@article{cvat,
	title={Computer vision annotation tool: a universal approach to data annotation},
	author={Sekachev, Boris and Manovich, N and Zhavoronkov, A},
	journal={Intel [Internet]},
	volume={1},
	year={2019}
}

@article{bcnet,
	title={Occlusion-Aware Instance Segmentation Via BiLayer Network Architectures},
	author={Ke, Lei and Tai, Yu-Wing and Tang, Chi-Keung},
	journal={IEEE Transactions on Pattern Analysis and Machine Intelligence},
	year={2023},
	publisher={IEEE}
}

@article{aisformer,
	title={AISFormer: Amodal Instance Segmentation with Transformer},
	author={Tran, Minh and Vo, Khoa and Yamazaki, Kashu and Fernandes, Arthur and Kidd, Michael and Le, Ngan},
	journal={arXiv preprint arXiv:2210.06323},
	year={2022}
}

@article{savos,
	title={Self-supervised Amodal Video Object Segmentation},
	author={Yao, Jian and Hong, Yuxin and Wang, Chiyu and Xiao, Tianjun and He, Tong and Locatello, Francesco and Wipf, David P and Fu, Yanwei and Zhang, Zheng},
	journal={Advances in Neural Information Processing Systems},
	volume={35},
	pages={6278--6291},
	year={2022}
}

@inproceedings{c2fseg,
	title={Coarse-to-fine amodal segmentation with shape prior},
	author={Gao, Jianxiong and Qian, Xuelin and Wang, Yikai and Xiao, Tianjun and He, Tong and Zhang, Zheng and Fu, Yanwei},
	booktitle={Proceedings of the IEEE/CVF International Conference on Computer Vision},
	pages={1262--1271},
	year={2023}
}

@inproceedings{walt,
	title={WALT: Watch And Learn 2D amodal representation from Time-lapse imagery},
	author={Reddy, N Dinesh and Tamburo, Robert and Narasimhan, Srinivasa G},
	booktitle={Proceedings of the IEEE/CVF Conference on Computer Vision and Pattern Recognition},
	pages={9356--9366},
	year={2022}
}

@inproceedings{lsf,
	title={Efficient L-shape fitting for vehicle detection using laser scanners},
	author={Zhang, Xiao and Xu, Wenda and Dong, Chiyu and Dolan, John M},
	booktitle={2017 IEEE Intelligent Vehicles Symposium (IV)},
	pages={54--59},
	year={2017},
	organization={IEEE}
}

@inproceedings{ros,
	title={ROS: an open-source Robot Operating System},
	author={Quigley, Morgan and Conley, Ken and Gerkey, Brian and Faust, Josh and Foote, Tully and Leibs, Jeremy and Wheeler, Rob and Ng, Andrew Y and others},
	booktitle={ICRA workshop on open source software},
	volume={3},
	number={3.2},
	pages={5},
	year={2009},
	organization={Kobe, Japan}
}

@inproceedings{sort,
	title={Simple online and realtime tracking},
	author={Bewley, Alex and Ge, Zongyuan and Ott, Lionel and Ramos, Fabio and Upcroft, Ben},
	booktitle={2016 IEEE international conference on image processing (ICIP)},
	pages={3464--3468},
	year={2016},
	organization={IEEE}
}

@online{ros_online,
	title = {{Clearpath Robotics} ROS Tutorials},
	year = 2015,
	url = {https://www.clearpathrobotics.com/assets/guides/melodic/ros/Intro%20to%20the%20Robot%20Operating%20System.html},
	urldate = {2024-01-25}
}

@online{ecal,
	title = {{Eclipse eCAL} enhanced Communication Abstraction Layer},
	year = 2023,
	url = {https://eclipse-ecal.github.io/ecal/},
	urldate = {2024-01-25}
}

@inproceedings{blendmask,
	title={Blendmask: Top-down meets bottom-up for instance segmentation},
	author={Chen, Hao and Sun, Kunyang and Tian, Zhi and Shen, Chunhua and Huang, Yongming and Yan, Youliang},
	booktitle={Proceedings of the IEEE/CVF conference on computer vision and pattern recognition},
	pages={8573--8581},
	year={2020}
}

@article{detrs,
	title={Detrs beat yolos on real-time object detection},
	author={Lv, Wenyu and Xu, Shangliang and Zhao, Yian and Wang, Guanzhong and Wei, Jinman and Cui, Cheng and Du, Yuning and Dang, Qingqing and Liu, Yi},
	journal={arXiv preprint arXiv:2304.08069},
	year={2023}
}

@article{comprehensiveSeg,
	title={A comprehensive review of modern object segmentation approaches},
	author={Wang, Yuanbo and Ahsan, Unaiza and Li, Hanyan and Hagen, Matthew and others},
	journal={Foundations and Trends{\textregistered} in Computer Graphics and Vision},
	volume={13},
	number={2-3},
	pages={111--283},
	year={2022},
	publisher={Now Publishers, Inc.}
}

@inproceedings{kins,
	title={Amodal instance segmentation with kins dataset},
	author={Qi, Lu and Jiang, Li and Liu, Shu and Shen, Xiaoyong and Jia, Jiaya},
	booktitle={Proceedings of the IEEE/CVF Conference on Computer Vision and Pattern Recognition},
	pages={3014--3023},
	year={2019}
}

@inproceedings{kitti,
	title={Are we ready for autonomous driving? the kitti vision benchmark suite},
	author={Geiger, Andreas and Lenz, Philip and Urtasun, Raquel},
	booktitle={2012 IEEE conference on computer vision and pattern recognition},
	pages={3354--3361},
	year={2012},
	organization={IEEE}
}

@article{2dISreview,
	title={A review on 2D instance segmentation based on deep neural networks},
	author={Gu, Wenchao and Bai, Shuang and Kong, Lingxing},
	journal={Image and Vision Computing},
	volume={120},
	pages={104401},
	year={2022},
	publisher={Elsevier}
}

@inproceedings{cocoa,
	title={Semantic amodal segmentation},
	author={Zhu, Yan and Tian, Yuandong and Metaxas, Dimitris and Doll{\'a}r, Piotr},
	booktitle={Proceedings of the IEEE conference on computer vision and pattern recognition},
	pages={1464--1472},
	year={2017}
}

@inproceedings{nuscenes,
	title={nuscenes: A multimodal dataset for autonomous driving},
	author={Caesar, Holger and Bankiti, Varun and Lang, Alex H and Vora, Sourabh and Liong, Venice Erin and Xu, Qiang and Krishnan, Anush and Pan, Yu and Baldan, Giancarlo and Beijbom, Oscar},
	booktitle={Proceedings of the IEEE/CVF conference on computer vision and pattern recognition},
	pages={11621--11631},
	year={2020}
}

@online{nuImages,
	title = {{Motional} nuImages},
	author={Caesar, Holger and Bankiti, Varun and Lang, Alex H and Vora, Sourabh and Liong, Venice Erin and Xu, Qiang and Krishnan, Anush and Pan, Yu and Baldan, Giancarlo and Beijbom, Oscar},
	url = {https://www.nuscenes.org/nuimages},
	urldate = {2024-01-31}
}

@inproceedings{cityscapes,
	title={The cityscapes dataset for semantic urban scene understanding},
	author={Cordts, Marius and Omran, Mohamed and Ramos, Sebastian and Rehfeld, Timo and Enzweiler, Markus and Benenson, Rodrigo and Franke, Uwe and Roth, Stefan and Schiele, Bernt},
	booktitle={Proceedings of the IEEE conference on computer vision and pattern recognition},
	pages={3213--3223},
	year={2016}
}

@inproceedings{waymoOpenDataset,
	title={Scalability in perception for autonomous driving: Waymo open dataset},
	author={Sun, Pei and Kretzschmar, Henrik and Dotiwalla, Xerxes and Chouard, Aurelien and Patnaik, Vijaysai and Tsui, Paul and Guo, James and Zhou, Yin and Chai, Yuning and Caine, Benjamin and others},
	booktitle={Proceedings of the IEEE/CVF conference on computer vision and pattern recognition},
	pages={2446--2454},
	year={2020}
}

@inproceedings{PCNet,
	title={Self-supervised scene de-occlusion},
	author={Zhan, Xiaohang and Pan, Xingang and Dai, Bo and Liu, Ziwei and Lin, Dahua and Loy, Chen Change},
	booktitle={Proceedings of the IEEE/CVF conference on computer vision and pattern recognition},
	pages={3784--3792},
	year={2020}
}

@inproceedings{maskRCNN,
	title={Mask r-cnn},
	author={He, Kaiming and Gkioxari, Georgia and Doll{\'a}r, Piotr and Girshick, Ross},
	booktitle={Proceedings of the IEEE international conference on computer vision},
	pages={2961--2969},
	year={2017}
}

@inproceedings{ORCNN,
	title={Learning to see the invisible: End-to-end trainable amodal instance segmentation},
	author={Follmann, Patrick and K{\"o}nig, Rebecca and H{\"a}rtinger, Philipp and Klostermann, Michael and B{\"o}ttger, Tobias},
	booktitle={2019 IEEE Winter Conference on Applications of Computer Vision (WACV)},
	pages={1328--1336},
	year={2019},
	organization={IEEE}
}

@inproceedings{VRSP,
	title={Amodal segmentation based on visible region segmentation and shape prior},
	author={Xiao, Yuting and Xu, Yanyu and Zhong, Ziming and Luo, Weixin and Li, Jiawei and Gao, Shenghua},
	booktitle={Proceedings of the AAAI Conference on Artificial Intelligence},
	volume={35},
	number={4},
	pages={2995--3003},
	year={2021}
}

@online{scipyLSA,
	author  = {Virtanen, Pauli and Gommers, Ralf and Oliphant, Travis E. and Haberland, Matt and Reddy, Tyler and Cournapeau, David and Burovski, Evgeni and Peterson, Pearu and Weckesser, Warren and Bright, Jonathan and {van der Walt}, St{\'e}fan J. and Brett, Matthew and Wilson, Joshua and Millman, K. Jarrod and Mayorov, Nikolay and Nelson, Andrew R. J. and Jones, Eric and Kern, Robert and Larson, Eric and Carey, C J and Polat, {\.I}lhan and Feng, Yu and Moore, Eric W. and {VanderPlas}, Jake and Laxalde, Denis and Perktold, Josef and Cimrman, Robert and Henriksen, Ian and Quintero, E. A. and Harris, Charles R. and Archibald, Anne M. and Ribeiro, Ant{\^o}nio H. and Pedregosa, Fabian and {van Mulbregt}, Paul and {SciPy 1.0 Contributors}},
	title = {{SciPy} API Reference. scipy.optimize.linear_sum_assignment},
	year = 2020,
	url={https://docs.scipy.org/doc/scipy/reference/generated/scipy.optimize.linear_sum_assignment.html#rc35ed51944ec-1},
	urldate = {2024-01-20}
}

@inproceedings{polymot,
	title={Poly-mot: A polyhedral framework for 3d multi-object tracking},
	author={Li, Xiaoyu and Xie, Tao and Liu, Dedong and Gao, Jinghan and Dai, Kun and Jiang, Zhiqiang and Zhao, Lijun and Wang, Ke},
	booktitle={2023 IEEE/RSJ International Conference on Intelligent Robots and Systems (IROS)},
	pages={9391--9398},
	year={2023},
	organization={IEEE}
}

@inproceedings{hariharan2014simultaneous,
	title={Simultaneous detection and segmentation},
	author={Hariharan, Bharath and Arbel{\'a}ez, Pablo and Girshick, Ross and Malik, Jitendra},
	booktitle={Computer Vision--ECCV 2014: 13th European Conference, Zurich, Switzerland, September 6-12, 2014, Proceedings, Part VII 13},
	pages={297--312},
	year={2014},
	organization={Springer}
}
@inproceedings{he2017mask,
	title={Mask r-cnn},
	author={He, Kaiming and Gkioxari, Georgia and Doll{\'a}r, Piotr and Girshick, Ross},
	booktitle={Proceedings of the IEEE international conference on computer vision},
	pages={2961--2969},
	year={2017}
}
@article{tan2021hcfs3d,
	title={HCFS3D: Hierarchical coupled feature selection network for 3D semantic and instance segmentation},
	author={Tan, Jingang and Wang, Kangru and Chen, Lili and Zhang, Guanghui and Li, Jiamao and Zhang, Xiaolin},
	journal={Image and Vision Computing},
	volume={109},
	pages={104129},
	year={2021},
	publisher={Elsevier}
}
@article{arnab2016bottom,
	title={Bottom-up instance segmentation using deep higher-order crfs},
	author={Arnab, Anurag and Torr, Philip HS},
	journal={arXiv preprint arXiv:1609.02583},
	year={2016}
}
@article{newell2017associative,
	title={Associative embedding: End-to-end learning for joint detection and grouping},
	author={Newell, Alejandro and Huang, Zhiao and Deng, Jia},
	journal={Advances in neural information processing systems},
	volume={30},
	year={2017}
}

@article{li2017light,
	title={Light-head r-cnn: In defense of two-stage object detector},
	author={Li, Zeming and Peng, Chao and Yu, Gang and Zhang, Xiangyu and Deng, Yangdong and Sun, Jian},
	journal={arXiv preprint arXiv:1711.07264},
	year={2017}
}

@article{cai2019cascade,
	title={Cascade R-CNN: High quality object detection and instance segmentation},
	author={Cai, Zhaowei and Vasconcelos, Nuno},
	journal={IEEE transactions on pattern analysis and machine intelligence},
	volume={43},
	number={5},
	pages={1483--1498},
	year={2019},
	publisher={IEEE}
}
@inproceedings{chen2019hybrid,
	title={Hybrid task cascade for instance segmentation},
	author={Chen, Kai and Pang, Jiangmiao and Wang, Jiaqi and Xiong, Yu and Li, Xiaoxiao and Sun, Shuyang and Feng, Wansen and Liu, Ziwei and Shi, Jianping and Ouyang, Wanli and others},
	booktitle={Proceedings of the IEEE/CVF conference on computer vision and pattern recognition},
	pages={4974--4983},
	year={2019}
}
@inproceedings{ren2017end,
	title={End-to-end instance segmentation with recurrent attention},
	author={Ren, Mengye and Zemel, Richard S},
	booktitle={Proceedings of the IEEE conference on computer vision and pattern recognition},
	pages={6656--6664},
	year={2017}
}
@inproceedings{romera2016recurrent,
	title={Recurrent instance segmentation},
	author={Romera-Paredes, Bernardino and Torr, Philip Hilaire Sean},
	booktitle={Computer Vision--ECCV 2016: 14th European Conference, Amsterdam, The Netherlands, October 11-14, 2016, Proceedings, Part VI 14},
	pages={312--329},
	year={2016},
	organization={Springer}
}
@article{salvador2017recurrent,
	title={Recurrent neural networks for semantic instance segmentation},
	author={Salvador, Amaia and Bellver, Miriam and Campos, Victor and Baradad, Manel and Marques, Ferran and Torres, Jordi and Giro-i-Nieto, Xavier},
	journal={arXiv preprint arXiv:1712.00617},
	year={2017}
}
@article{hu2021istr,
	title={Istr: End-to-end instance segmentation with transformers},
	author={Hu, Jie and Cao, Liujuan and Lu, Yao and Zhang, ShengChuan and Wang, Yan and Li, Ke and Huang, Feiyue and Shao, Ling and Ji, Rongrong},
	journal={arXiv preprint arXiv:2105.00637},
	year={2021}
}
@inproceedings{fang2021instances,
	title={Instances as queries},
	author={Fang, Yuxin and Yang, Shusheng and Wang, Xinggang and Li, Yu and Fang, Chen and Shan, Ying and Feng, Bin and Liu, Wenyu},
	booktitle={Proceedings of the IEEE/CVF international conference on computer vision},
	pages={6910--6919},
	year={2021}
}
@article{dong2021solq,
	title={Solq: Segmenting objects by learning queries},
	author={Dong, Bin and Zeng, Fangao and Wang, Tiancai and Zhang, Xiangyu and Wei, Yichen},
	journal={Advances in Neural Information Processing Systems},
	volume={34},
	pages={21898--21909},
	year={2021}
}
@article{redmon2018yolov3,
	title={Yolov3: An incremental improvement},
	author={Redmon, Joseph and Farhadi, Ali},
	journal={arXiv preprint arXiv:1804.02767},
	year={2018}
}
@inproceedings{chen2019tensormask,
	title={Tensormask: A foundation for dense object segmentation},
	author={Chen, Xinlei and Girshick, Ross and He, Kaiming and Doll{\'a}r, Piotr},
	booktitle={Proceedings of the IEEE/CVF international conference on computer vision},
	pages={2061--2069},
	year={2019}
}
@inproceedings{lee2020centermask,
	title={Centermask: Real-time anchor-free instance segmentation},
	author={Lee, Youngwan and Park, Jongyoul},
	booktitle={Proceedings of the IEEE/CVF conference on computer vision and pattern recognition},
	pages={13906--13915},
	year={2020}
}
@inproceedings{xie2020polarmask,
	title={Polarmask: Single shot instance segmentation with polar representation},
	author={Xie, Enze and Sun, Peize and Song, Xiaoge and Wang, Wenhai and Liu, Xuebo and Liang, Ding and Shen, Chunhua and Luo, Ping},
	booktitle={Proceedings of the IEEE/CVF conference on computer vision and pattern recognition},
	pages={12193--12202},
	year={2020}
}

@inproceedings{Jonker_Volgenant,
	title={A shortest augmenting path algorithm for dense and sparse linear assignment problems},
	author={Jonker, Roy and Volgenant, Ton},
	booktitle={DGOR/NSOR: Papers of the 16th Annual Meeting of DGOR in Cooperation with NSOR/Vortr{\"a}ge der 16. Jahrestagung der DGOR zusammen mit der NSOR},
	pages={622--622},
	year={1988},
	organization={Springer}
}
